@article{galeshapley62,
    author = "David Gale and Lloyd S. Shapley",
    title = "College Admissions and the Stability of Marriage",
    journal = "The American Mathematical Monthly",
    year = "1962",
    volume = "69",
    number = "1",
    month = "january",
    pages = " 9--15 ",
    url = "http://www.jstor.org/stable/2312726",
}


@article{zhou90,
  title={On a conjecture by Gale about one-sided matching problems},
  author={Zhou, Lin},
  journal={Journal of Economic Theory},
  volume={52},
  number={1},
  pages={123--135},
  year={1990},
  publisher={Elsevier}
}

@article{mongell91,
  title={Sorority rush as a two-sided matching mechanism},
  author={Mongell, Susan and Roth, Alvin E},
  journal={The American Economic Review},
  pages={441--464},
  year={1991},
  publisher={JSTOR}
}

@article{chung00,
  title={On the existence of stable roommate matchings},
  author={Chung, Kim-Sau},
  journal={Games and economic behavior},
  volume={33},
  number={2},
  pages={206--230},
  year={2000},
  publisher={Elsevier}
}

@article{morrill10,
  title={The roommates problem revisited},
  author={Morrill, Thayer},
  journal={Journal of Economic Theory},
  volume={145},
  number={5},
  pages={1739--1756},
  year={2010},
  publisher={Elsevier}
}

@article{roth84,
  title={The evolution of the labor market for medical interns and residents: a case study in game theory},
  author={Roth, Alvin E},
  journal={The Journal of Political Economy},
  pages={991--1016},
  year={1984},
  publisher={JSTOR}
}

@article{ronn90,
  title={NP-complete stable matching problems},
  author={Ronn, Eytan},
  journal={Journal of Algorithms},
  volume={11},
  number={2},
  pages={285--304},
  year={1990},
  publisher={Elsevier}
}

@article{tan91,
  title={A necessary and sufficient condition for the existence of a complete stable matching},
  author={Tan, Jimmy JM},
  journal={Journal of Algorithms},
  volume={12},
  number={1},
  pages={154--178},
  year={1991},
  publisher={Elsevier}
}

@article{budish12,
  title={Matching versus mechanism design},
  author={Budish, Eric},
  journal={ACM SIGecom Exchanges},
  volume={11},
  number={2},
  pages={4--15},
  year={2012},
  publisher={ACM}
}

@article{manlove02,
  title={Hard variants of stable marriage},
  author={Manlove, David F and Irving, Robert W and Iwama, Kazuo and Miyazaki, Shuichi and Morita, Yasufumi},
  journal={Theoretical Computer Science},
  volume={276},
  number={1},
  pages={261--279},
  year={2002},
  publisher={Elsevier}
}

@article{cusack95,
  title={Improved noise-immune phase-unwrapping algorithm},
  author={Cusack, R and Huntley, JM and Goldrein, HT},
  journal={Applied Optics},
  volume={34},
  number={5},
  pages={781--789},
  year={1995},
  publisher={Optical Society of America}
}

@article{teo01,
  title={Gale-shapley stable marriage problem revisited: Strategic issues and applications},
  author={Teo, Chung-Piaw and Sethuraman, Jay and Tan, Wee-Peng},
  journal={Management Science},
  volume={47},
  number={9},
  pages={1252--1267},
  year={2001},
  publisher={INFORMS}
}


@book{hurwicz06,
  title={Designing economic mechanisms},
  author={Hurwicz, Leonid and Reiter, Stanley},
  year={2006},
  publisher={Cambridge University Press}
}


@article{hurwicz73,
  title={The design of mechanisms for resource allocation},
  author={Hurwicz, Leonid},
  journal={The American Economic Review},
  pages={1--30},
  year={1973},
  publisher={JSTOR}
}

@book{ely84,
  title={The past and the present of political economy},
  author={Ely, Richard Theodore},
  number={3},
  year={1884},
  publisher={N. Murray, publication agent, Johns Hopkins university}
}

@article{gale85,
  title={Ms. Machiavelli and the stable matching problem},
  author={Gale, David and Sotomayor, Marilda},
  journal={American Mathematical Monthly},
  pages={261--268},
  year={1985},
  publisher={JSTOR}
}

@article{roth05kid,
  title={Pairwise kidney exchange},
  author={Roth, Alvin E and S{\"o}nmez, Tayfun and {\"U}nver, M Utku},
  journal={Journal of Economic theory},
  volume={125},
  number={2},
  pages={151--188},
  year={2005},
  publisher={Elsevier}
}


@article{roth05new,
  title={The new york city high school match},
  author={Abdulkadiro{\u{g}}lu, Atila and Pathak, Parag A and Roth, Alvin E},
  journal={American Economic Review},
  pages={364--367},
  year={2005},
  publisher={JSTOR}
}

@article{roth05bos,
  title={The Boston public school match},
  author={Abdulkadiro{\u{g}}lu, Atila and Pathak, Parag A and Roth, Alvin E and S{\"o}nmez, Tayfun},
  journal={American Economic Review},
  pages={368--371},
  year={2005},
  publisher={JSTOR}
}

@article{hitsch10,
  title={Matching and sorting in online dating},
  author={Hitsch, G{\"u}nter J and Horta{\c{c}}su, Ali and Ariely, Dan},
  journal={The American Economic Review},
  pages={130--163},
  year={2010},
  publisher={JSTOR}
}


@inproceedings{nisan99,
  title={Algorithmic mechanism design},
  author={Nisan, Noam and Ronen, Amir},
  booktitle={Proceedings of the thirty-first annual ACM symposium on Theory of computing},
  pages={129--140},
  year={1999},
  organization={ACM}
}


@article{irving85,
  title={An efficient algorithm for the “stable roommates” problem},
  author={Irving, Robert W},
  journal={Journal of Algorithms},
  volume={6},
  number={4},
  pages={577--595},
  year={1985},
  publisher={Elsevier}
}


@article{irving02,
  title={The stable roommates problem with ties},
  author={Irving, Robert W and Manlove, David F},
  journal={Journal of Algorithms},
  volume={43},
  number={1},
  pages={85--105},
  year={2002},
  publisher={Elsevier}
}


@article{irving94sta,
  title={Stable marriage and indifference},
  author={Irving, Robert W},
  journal={Discrete Applied Mathematics},
  volume={48},
  number={3},
  pages={261--272},
  year={1994},
  publisher={Elsevier}
}
